@inproceedings{ratinov-roth-2009-design,
    title = "Design Challenges and Misconceptions in Named Entity Recognition",
    author = "Ratinov, Lev and Roth, Dan",
    booktitle = "Proceedings of the Thirteenth Conference on Computational Natural Language Learning ({C}o{NLL}-2009)",
    month = jun,
    year = "2009",
    address = "Boulder, Colorado",
    publisher = "Association for Computational Linguistics",
    url = "https://www.aclweb.org/anthology/W09-1119",
    pages = "147--155",
}

@online{1511.08308,
    Author = {Jason P. C. Chiu and Eric Nichols},
    Title = {Named Entity Recognition with Bidirectional LSTM-CNNs},
    Year = {2015},
    Eprint = {1511.08308},
    Eprinttype = {arXiv},
}

@online{1603.01360,
    Author = {Guillaume Lample and Miguel Ballesteros and Sandeep Subramanian and Kazuya Kawakami and Chris Dyer},
    Title = {Neural Architectures for Named Entity Recognition},
    Year = {2016},
    Eprint = {1603.01360},
    Eprinttype = {arXiv},
}

@online{1603.01354,
    Author = {Xuezhe Ma and Eduard Hovy},
    Title = {End-to-end Sequence Labeling via Bi-directional LSTM-CNNs-CRF},
    Year = {2016},
    Eprint = {1603.01354},
    Eprinttype = {arXiv},
}

@online{1706.03762,
    Author = {Ashish Vaswani and Noam Shazeer and Niki Parmar and Jakob Uszkoreit and Llion Jones and Aidan N. Gomez and Lukasz Kaiser and Illia Polosukhin},
    Title = {Attention Is All You Need},
    Year = {2017},
    Eprint = {1706.03762},
    Eprinttype = {arXiv},
}

@online{1808.09075,
    Author = {Minghao Wu and Fei Liu and Trevor Cohn},
    Title = {Evaluating the Utility of Hand-crafted Features in Sequence Labelling},
    Year = {2018},
    Eprint = {1808.09075},
    Eprinttype = {arXiv},
}

@online{1802.05365,
    Author = {Matthew E. Peters and Mark Neumann and Mohit Iyyer and Matt Gardner and Christopher Clark and Kenton Lee and Luke Zettlemoyer},
    Title = {Deep contextualized word representations},
    Year = {2018},
    Eprint = {1802.05365},
    Eprinttype = {arXiv},
}

@online{1810.04805,
    Author = {Jacob Devlin and Ming-Wei Chang and Kenton Lee and Kristina Toutanova},
    Title = {BERT: Pre-training of Deep Bidirectional Transformers for Language Understanding},
    Year = {2018},
    Eprint = {1810.04805},
    Eprinttype = {arXiv},
}

@online{1903.07785,
    Author = {Alexei Baevski and Sergey Edunov and Yinhan Liu and Luke Zettlemoyer and Michael Auli},
    Title = {Cloze-driven Pretraining of Self-attention Networks},
    Year = {2019},
    Eprint = {1903.07785},
    Eprinttype = {arXiv},
}
